%% This BibTex bibliography file was created by Michael Shepherd on Feb. 18, 2018

@article{herron2015race,
  title={Race, Shelby County, and the Voter Information Verification Act in North Carolina},
  author={Herron, Michael C. and Smith, Daniel A.},
  journal={Fla. St. UL Rev.},
  volume={43},
  pages={465},
  year={2015},
  publisher={HeinOnline}
}

@article{anollnorms,
  title={What Makes a Good Neighbor? Race, Place, and Norms of Political Action},
  author={Anoll, Allison},
  journal={American Political Science Review},
  year={2018},
  publisher={Cambridge University Press},
  address={NY, NY}
}

@article{yoder2018,
  title={How Polling Place Changes Reduce Turnout: Evidence from Administrative Data in North Carolina},
  author={Yoder, Jesse},
  journal={Working Paper},
  year={2018},
  url={https://www.dropbox.com/s/pk219n6bam4584d/pollingplaces.pdf?dl=1}
}


@article{gerbergreenhill2013,
  title={Identifying the Effect of All-Mail Elections on Turnout: Staggered Reform in the Evergreen State},
  author={Gerber, Alan S and Huber, Gregory A and Hill, Seth},
  journal={Political Science Research and Methods},
  volume={1},
  issue={1},
  year={2013}
}

@article{fullmer2015,
  title={Early Voting: Do More Sites Lead to Higher Turnout?},
  author={Fullmer, Elliott B},
  journal={Election Law Journal},
  volume={14},
  issue={2},
  year={2015}
}

@article{fullmer2015race,
  title={The Site Gap: Racial Inequalities in Early Voting Access},
  author={Fullmer, Elliott B},
  journal={American Politics Research},
  volume={43},
  issue={2},
  year={2015}
}



@article{monroesylvesterVoteByMail,
  title={Who Converts to Vote-By-Mail? Evidence from a Field Experiment},
  author={Monroe, Nathan W. and Sylvester, Dari E.},
  journal={Election Law Journal},
  volume={10},
  issue={1},
  year={2011}
}

@article{votingmessagesmilitary,
  title={The Impact of E-mail on the Use of New Convenience Voting Methods and Turnout by Overseas Voters: A Field Experiment to Address Their Challenges with New Technology},
  author={Hanmer, Michael and Herrnson, Paul S. and Smith, Claire},
  journal={Election Law Journal},
  volume={14},
  issue={2},
  year={2015}
}


@article{stein1997,
  title={Vote Early but Not Often},
  author={Stein, Robert M. and Patricia A. Garcia-Monet},
  journal={Social Science Quarterly},
  volume={78},
  number={3},
  year={1997}
}

@article{OpenScienceCollaboration:2015cn,
author = {Open Science Collaboration},
title = {Estimating the Reproducibility of Psychological Science},
journal = {Science (New York, N.Y.)},
year = {2015},
volume = {349},
number = {6251},
pages = {aac4716--aac4716},
month = aug,
keywords = {psychology, replication, reproducibility},
doi = {10.1126/science.aac4716},
language = {English},
read = {Yes},
rating = {0},
date-added = {2018-04-18T02:16:06GMT},
date-modified = {2018-04-18T05:31:35GMT},
url = {http://www.sciencemag.org/cgi/doi/10.1126/science.aac4716},
local-url = {file://localhost/Users/Elise/Dropbox/papers3/Library.papers3/Files/5C/5C3661FB-2CB0-4296-86D5-04BED7CDBB84.pdf},
file = {{5C3661FB-2CB0-4296-86D5-04BED7CDBB84.pdf:/Users/Elise/Dropbox/papers3/Library.papers3/Files/5C/5C3661FB-2CB0-4296-86D5-04BED7CDBB84.pdf:application/pdf}},
url = {\url{papers3://publication/doi/10.1126/science.aac4716}}
}



@article{gerber2017does,
  title={Does Incarceration Reduce Voting? Evidence about the Political Consequences of Spending Time in Prison},
  author={Gerber, Alan S and Huber, Gregory A and Meredith, Marc and Biggers, Daniel R and Hendry, David J},
  journal={The Journal of Politics},
  volume={79},
  number={4},
  pages={1130--1146},
  year={2017},
  publisher={University of Chicago Press},
  address={Chicago, IL}
}

@book{keyssar2009right,
  title={The Right to Vote: The Contested History of Democracy in the United States},
  author={Keyssar, Alexander},
  year={2009},
  publisher={Basic Books},
  address={NY, NY}
}

@article{herron2016precinct,
  title={Precinct Resources and Voter Wait Times},
  author={Herron, Michael C. and Smith, Daniel A.},
  journal={Electoral Studies},
  volume={42},
  pages={249--263},
  year={2016},
  publisher={Elsevier}
}


@article{herron2015precinct,
  title={Precinct Closing Times in Florida During the 2012 General Election},
  author={Herron, Michael C. and Smith, Daniel A.},
  journal={Election Law Journal},
  volume={14},
  number={3},
  pages={220--238},
  year={2015},
  publisher={Mary Ann Liebert, Inc. 140 Huguenot Street, 3rd Floor New Rochelle, NY 10801 USA}
}


@article{herron2014race,
  title={Race, Party, and the Consequences of Restricting Early Voting in Florida in the 2012 General Election},
  author={Herron, Michael C and Smith, Daniel A},
  journal={Political Research Quarterly},
  volume={67},
  number={3},
  pages={646--665},
  year={2014},
  publisher={SAGE Publications Sage CA: Los Angeles, CA}
}


@article{stewart2015waiting,
  title={Waiting to Vote},
  author={Stewart III, Charles and Ansolabehere, Stephen},
  journal={Election Law Journal},
  volume={14},
  number={1},
  pages={47--53},
  year={2015},
  publisher={Mary Ann Liebert, Inc. 140 Huguenot Street, 3rd Floor New Rochelle, NY 10801 USA}
}




@article{ansolabehere2005residual,
  title={Residual votes attributable to technology},
  author={Ansolabehere, Stephen and Stewart III, Charles},
  journal={Journal of Politics},
  volume={67},
  number={2},
  pages={365--389},
  year={2005},
  publisher={Wiley Online Library}
}


@article{grimmer2017comment,
  title={Obstacles  to  Estimating  Voter  ID  Laws?  Effect  on  Turnout},
  author={Grimmer, Justin and Hersh, Eitan and Meredith, Marc and Mummolo, Jonathan and Nall, Clayton},
  journal={Journal of Politics},
    volume={80},
  number={3},
  year={2018}
}

@article{meredith2014voting,
  title={Do Voting Rights Notification Laws Increase Ex-felon Turnout?},
  author={Meredith, Marc and Morse, Michael},
  journal={The ANNALS of the American Academy of Political and Social Science},
  volume={651},
  number={1},
  pages={220--249},
  year={2014},
  publisher={Sage Publications Sage CA: Los Angeles, CA}
}

@article{meredith2011convenience,
  title={Convenience Voting can Affect Election Outcomes},
  author={Meredith, Marc and Malhotra, Neil},
  journal={Election Law Journal},
  volume={10},
  number={3},
  pages={227--253},
  year={2011},
  publisher={Mary Ann Liebert, Inc. 140 Huguenot Street, 3rd Floor New Rochelle, NY 10801 USA}
}


@article{berger2008contextual,
  title={Contextual priming: Where people vote affects how they vote},
  author={Berger, Jonah and Meredith, Marc and Wheeler, S. Christian},
  journal={Proceedings of the National Academy of Sciences},
  volume={105},
  number={26},
  pages={8846--8849},
  year={2008},
  publisher={National Acad Sciences}
}

@article{brady2011turning,
  title={Turning Out to Vote: The Costs of Finding and Getting to the Polling Place},
  author={Brady, Henry E and McNulty, John E},
  journal={American Political Science Review},
  volume={105},
  number={1},
  pages={115--134},
  year={2011},
  publisher={Cambridge University Press},
  address={NY, NY}
}

@article{Camerer:2018de,
author = {Camerer, Colin F and Dreber, Anna and Holzmeister, Felix and Ho, Teck-Hua and Huber, J{\"u}rgen and Johannesso, Magnus and Kirchler, Michael and Nave, Gideon and Nosek, Brian A and Pfeiffer, Thomas and Altmejd, Adam and Buttrick, Nick and Chan, Taizan and Chen, Yiling and Forsell, Eskil and Gampa, Anup and Heikensten, Emma and Hummer, Lily and Imai, Taisuke and Isaksson, Siri and Manfredi, Dylan and Rose, Julia and Wagenmakers, Eric-Jan and Wu, Hang},
title = {{Evaluating the replicability of social science experiments in Nature and Science between 2010 and 2015}},
journal = {Nature Human Behaviour},
year = {2018},
volume = {2},
number = {9},
pages = {637--644},
month = sep
}


@book{verba1995voice,
  title={Voice and Equality: Civic Voluntarism in American Politics},
  author={Verba, Sidney and Schlozman, Kay Lehman and Brady, Henry E},
  year={1995},
  publisher={Harvard University Press},
  address={Cambridge, MA}
}

@article{ansolabehere2012movers,
  title={Movers, Stayers, and Registration: Why Age is Correlated with Registration in the US},
  author={Ansolabehere, Stephen Daniel},
  year={2012},
  publisher={now publishers}
}


@article{fraga2010voting,
  title={Voting Costs and Voter Turnout in Competitive Elections},
  author={Fraga, Bernard and Hersh, Eitan},
  journal={Quarterly Journal of Political Science},
  volume={2010},
  number={5},
  pages={3339-356},
  year={2010}
}

@article{fraga2016examining,
  title={Examining the Causal Impact of the Voting Rights Act Language Minority Provisions},
  author={Fraga, Bernard L and Merseth, Julie Lee},
  journal={Journal of Race, Ethnicity and Politics},
  volume={1},
  number={1},
  pages={31--59},
  year={2016},
  publisher={Cambridge University Press}
}

@article{fraga2016redistricting,
  title={Redistricting and the causal impact of race on voter turnout},
  author={Fraga, Bernard L},
  journal={The Journal of Politics},
  volume={78},
  number={1},
  pages={19--34},
  year={2016},
  publisher={University of Chicago Press},
  address={Chicago, IL}
}

@article{fraga2016candidates,
  title={Candidates or districts? Reevaluating the role of race in voter turnout},
  author={Fraga, Bernard L},
  journal={American Journal of Political Science},
  volume={60},
  number={1},
  pages={97--122},
  year={2016},
  publisher={Wiley Online Library}
}



@article{gimpel2003political,
  title={Political Participation and the Accessibility of the Ballot Box},
  author={Gimpel, James G and Schuknecht, Jason E},
  journal={Political Geography},
  volume={22},
  number={5},
  pages={471--488},
  year={2003},
  publisher={Elsevier}
}

@article{dyck2005distance,
  title={Distance, Turnout, and the Convenience of Voting},
  author={Dyck, Joshua J and Gimpel, James G},
  journal={Social Science Quarterly},
  volume={86},
  number={3},
  pages={531--548},
  year={2005},
  publisher={Wiley Online Library}
}

@article{hajnal2017voter,
  title={Voter identification laws and the suppression of minority votes},
  author={Hajnal, Zoltan and Lajevardi, Nazita and Nielson, Lindsay},
  journal={The Journal of Politics},
  volume={79},
  number={2},
  pages={363--379},
  year={2017},
  publisher={University of Chicago Press},
  address={Chicago, IL}
}

@article{highton2017voter,
  title={Voter Identification Laws and Turnout in the United States},
  author={Highton, Benjamin},
  journal={Annual Review of Political Science},
  volume={20},
  pages={149--167},
  year={2017},
  publisher={Annual Reviews}
}

@article{highton2006long,
  title={Long Lines, Voting Machine Availability, and Turnout: The Case of Franklin County, Ohio in the 2004 Presidential Election},
  author={Highton, Benjamin},
  journal={PS: Political Science \& Politics},
  volume={39},
  number={1},
  pages={65--68},
  year={2006},
  publisher={Cambridge University Press},
}

@article{highton2004voter,
  title={Voter Registration and Turnout in the United States},
  author={Highton, Benjamin},
  journal={Perspectives on Politics},
  volume={2},
  number={3},
  pages={507--515},
  year={2004},
  publisher={Cambridge University Press}
}


@article{highton2000residential,
  title={Residential Mobility, Community Mobility, and Electoral Participation},
  author={Highton, Benjamin},
  journal={Political Behavior},
  volume={22},
  number={2},
  pages={109--120},
  year={2000},
  publisher={Springer}
}

@article{highton1997easy,
  title={Easy Registration and Voter Turnout},
  author={Highton, Benjamin},
  journal={The Journal of Politics},
  volume={59},
  number={2},
  pages={565--575},
  year={1997},
  publisher={University of Texas Press}
}

@article{burden2014early,
  title={The Effects and Costs of Early Voting and Same Day Registration in the 2008 Elections},
  author={Burden, Barry C and Canon, David T and Mayer, Kenneth R and Moynihan, Donald P},
  journal={American Journal of Political Science},
  volume={58},
  number={1},
  pages={95--109},
  year={2014},
  publisher={Wiley Online Library}
}

@article{burden2014election,
  title={Election Laws, Mobilization, and Turnout: The Unanticipated Consequences of Election Reform},
  author={Burden, Barry C and Canon, David T and Mayer, Kenneth R and Moynihan, Donald P},
  journal={American Journal of Political Science},
  volume={58},
  number={1},
  pages={95--109},
  year={2014},
  publisher={Wiley Online Library}
}

@article{burden2017complicated,
  title={The Complicated Partisan Effects of State Election Laws},
  author={Burden, Barry C and Canon, David T and Mayer, Kenneth R and Moynihan, Donald P},
  journal={Political Research Quarterly},
  volume={70},
  number={3},
  pages={564--576},
  year={2017},
  publisher={SAGE Publications Sage CA: Los Angeles, CA}
}


@article{burden2013selection,
  title={Selection method, partisanship, and the administration of elections},
  author={Burden, Barry C and Canon, David T and Lavertu, Stephane and Mayer, Kenneth R and Moynihan, Donald P},
  journal={American Politics Research},
  volume={41},
  number={6},
  pages={903--936},
  year={2013},
  publisher={SAGE Publications Sage CA: Los Angeles, CA}
}


@article{burden2013election,
  title={Election Administration and the Pure Effect of Voter Registration on Turnout},
  author={Burden, Barry C and Neiheisel, Jacob R},
  journal={Political Research Quarterly},
  volume={66},
  number={1},
  pages={77--90},
  year={2013},
  publisher={Sage Publications Sage CA: Los Angeles, CA}
}

@book{rosenstone1993mobilization,
  title={Mobilization, participation, and democracy in America},
  author={Rosenstone, Steven J and Hansen, John},
  year={1993},
  publisher={Macmillan Publishing Company,}
}

@book{wolfinger1980votes,
  title={Who Votes?},
  author={Wolfinger, Raymond E and Rosenstone, Steven J},
  year={1980},
  publisher={Yale University Press},
  address={New Haven, CT}
}

@article{rosenstone1978effect,
  title={The Effect of Registration Laws on Voter Turnout},
  author={Rosenstone, Steven J and Wolfinger, Raymond E},
  journal={American Political Science Review},
  volume={72},
  number={1},
  pages={22--45},
  year={1978},
  publisher={Cambridge University Press}
}

@article{anzia2011election,
  title={Election timing and the electoral influence of interest groups},
  author={Anzia, Sarah F},
  journal={The Journal of Politics},
  volume={73},
  number={2},
  pages={412--427},
  year={2011},
  publisher={Cambridge University Press New York, USA}
}

@article{gerber2008social,
  title={Social pressure and voter turnout: Evidence from a large-scale field experiment},
  author={Gerber, Alan S and Green, Donald P and Larimer, Christopher W},
  journal={American Political Science Review},
  volume={102},
  number={1},
  pages={33--48},
  year={2008},
  publisher={Cambridge University Press}
}

@book{hanmer2009discount,
  title={Discount Voting: Voter Registration Reforms and their Effects},
  author={Hanmer, Michael J},
  year={2009},
  publisher={Cambridge University Press},
  address={NY, NY}
}

@book{leighley2013votes,
  title={Who Votes Now?: Demographics, Issues, Inequality, and Turnout in the United States},
  author={Leighley, Jan E and Nagler, Jonathan},
  year={2013},
  publisher={Princeton University Press},
  address={Princeton, NJ}
}

@article{mcdonald2001myth,
  title={The Myth of the Vanishing Voter},
  author={McDonald, Michael P and Popkin, Samuel L},
  journal={American Political Science Review},
  volume={95},
  number={4},
  pages={963--974},
  year={2001},
  publisher={Cambridge University Press}
}

@article{powell1986american,
  title={American Voter Turnout in Comparative Perspective},
  author={Powell, G Bingham},
  journal={American Political Science Review},
  volume={80},
  number={1},
  pages={17--43},
  year={1986},
  publisher={Cambridge University Press}
}

@article{riker1968theory,
  title={A Theory of the Calculus of Voting},
  author={Riker, William H and Ordeshook, Peter C},
  journal={American political science review},
  volume={62},
  number={1},
  pages={25--42},
  year={1968},
  publisher={Cambridge University Press}
}

@article{white2015need,
  title={What do I need to Vote? Bureaucratic Discretion and Discrimination by Local Election Officials},
  author={White, Ariel R and Nathan, Noah L and Faller, Julie K},
  journal={American Political Science Review},
  volume={109},
  number={1},
  pages={129--142},
  year={2015},
  publisher={Cambridge University Press}
}



@article{haspel2005location,
  title={Location, Location, Location: Precinct Placement and the Costs of Voting},
  author={Haspel, Moshe and Knotts, H Gibbs},
  journal={The Journal of Politics},
  volume={67},
  number={2},
  pages={560--573},
  year={2005},
  publisher={Cambridge University Press New York, USA}
}

@article{barreto2009disproportionate,
  title={The Disproportionate Impact of Voter-ID Requirements on the Electorate: New Evidence from Indiana},
  author={Barreto, Matt A and Nuno, Stephen A and Sanchez, Gabriel R},
  journal={PS: Political Science \& Politics},
  volume={42},
  number={1},
  pages={111--116},
  year={2009},
  publisher={Cambridge University Press}
}


@article{barreto2009all,
  title={Are All Precincts Created Equal? The Prevalence of Low-Quality Precincts in Low-Income and Minority Communities},
  author={Barreto, Matt A and Cohen-Marks, Mara and Woods, Nathan D},
  journal={Political Research Quarterly},
  volume={62},
  number={3},
  pages={445--458},
  year={2009},
  publisher={Sage Publications Sage CA: Los Angeles, CA}
}

@article{hicks2015principle,
  title={A Principle or a Strategy? Voter Identification Laws and Partisan Competition in the American States},
  author={Hicks, William D and McKee, Seth C and Sellers, Mitchell D and Smith, Daniel A},
  journal={Political Research Quarterly},
  volume={68},
  number={1},
  pages={18--33},
  year={2015},
  publisher={SAGE Publications Sage CA: Los Angeles, CA}
}

@article{citrin2014effects,
  title={The Effects of Voter ID Notification on Voter Turnout: Results from a Large-Scale Field Experiment},
  author={Citrin, Jack and Green, Donald P and Levy, Morris},
  journal={Election Law Journal},
  volume={13},
  number={2},
  pages={228--242},
  year={2014},
  publisher={Mary Ann Liebert, Inc. 140 Huguenot Street, 3rd Floor New Rochelle, NY 10801 USA}
}

@book{downs1957,
  title={An Economic Theory of Democracy},
  author={Downs, Anthony},
  year={1957},
  publisher={Harper},
  address={NY, NY}
}


@misc{berman2016,
author = {Berman, Ari},
booktitle = {The Nation},
title = {{There Are 868 Fewer Places to Vote in 2016 Because the Supreme Court Gutted the Voting Rights Act}},
url = {https://www.thenation.com/article/there-are-868-fewer-places-to-vote-in-2016-because-the-supreme-court-gutted-the-voting-rights-act/},
urldate = {2018-02-18},
year = {2016}
}

@misc{roth2015,
author = {Roth, Zachary},
booktitle = {NBC News},
title = {{Study: North Carolina Polling Site Changes Hurt Blacks}},
url = {https://www.nbcnews.com/news/nbcblk/study-north-carolina-polling-site-changes-hurt-blacks-n468251},
urldate = {2018-02-18},
year = {2015}
}

@misc{ap2018,
author = {The Associated Press},
booktitle = {Winston-Salem Journal},
title = {{AP Explains: Why is N.C. election board fight still unsettled?}},
url = {http://www.journalnow.com/news/elections/ap-explains-why-is-n-c-election-board-fight-still/article\_3a35496b-eb8a-5dce-8573-51fd137d47fe.html},
urldate = {2018-02-18},
year = {2018}
}

@misc{stern2018,
author = {Stern, Mark Joseph},
booktitle = {Slate.com},
title = {{North Carolina Supreme Court Strikes Down GOP Attempt to Control Elections Board}},
url = {https://slate.com/news-and-politics/2018/01/north-carolina-supreme-court-strikes-down-gop-elections-board-power-grab.html},
urldate = {2018-02-18},
year = {2018}
}

@misc{michaelson2016,
author = {Michaelson, Jay},
booktitle = {The Daily Beast},
title = {{North Carolina GOP Brags Racist Voter Suppression is Working---and They're Right}},
url = {https://www.thedailybeast.com/north-carolina-gop-brags-racist-voter-suppression-is-workingand-theyre-right},
urldate = {2018-02-20},
year = {2016}
}

@misc{vasilogambros2018,
author = {Vasilogambros, Matt},
booktitle = {Huffpost},
title = {{Voting Lines Are Shorter ? But Mostly For Whites}},
url = {https://www.huffingtonpost.com/entry/voting-lines-are-shorter-but-mostly-for-whites\_us\_5a85a1bbe4b00e7aba2d2978},
urldate = {2018-02-18},
year = {2018}
}

@misc{gargan2017,
author = {Gargan, Henry},
booktitle = {The News \& Observer},
title = {{With more polling places, Wake County's early-voting turnout sets record}},
url = {http://www.newsobserver.com/news/local/counties/wake-county/article177852651.html},
urldate = {2018-02-18},
year = {2017}
}

@article{oliver1996effects,
  title={The effects of eligibility restrictions and party activity on absentee voting and overall turnout},
  author={Oliver, J Eric},
  journal={American Journal of Political Science},
  pages={498--513},
  year={1996},
  publisher={JSTOR}
}

@article{nagler1991effect,
  title={The effect of registration laws and education on US voter turnout},
  author={Nagler, Jonathan},
  journal={The American Political Science Review},
  pages={1393--1405},
  year={1991},
  publisher={JSTOR}
}

@article{hershey2009we,
  title={What we know about voter-ID laws, registration, and turnout},
  author={Hershey, Marjorie Randon},
  journal={PS: Political Science \& Politics},
  volume={42},
  number={1},
  pages={87--91},
  year={2009},
  publisher={Cambridge University Press}
}

@article{alvarez2008effect,
  title={The effect of voter identification laws on turnout},
  author={Alvarez, R Michael and Bailey, Delia and Katz, Jonathan},
  year={2008}
}

@article{atkeson2010new,
  title={A new barrier to participation: Heterogeneous application of voter identification policies},
  author={Atkeson, Lonna Rae and Bryant, Lisa Ann and Hall, Thad E and Saunders, Kyle and Alvarez, Michael},
  journal={Electoral Studies},
  volume={29},
  number={1},
  pages={66--73},
  year={2010},
  publisher={Elsevier}
}

@article{cantoni2016,
  title={A Precinct Too Far: Turnout and Voting Costs},
  author={Cantoni, Enrico},
  url = {http://economics.mit.edu/files/11997},
urldate = {2018-05-16},
  year={2016}
}


@book{cain2014democracy,
  title={Democracy More or Less},
  author={Cain, Bruce E},
  year={2014},
  publisher={Cambridge University Press},
  address={NY, NY}
}





@misc{campbell2016,
author = {Campbell, Colin},
booktitle = {The News Observer},
title = {{NC Republican Party seeks `party line changes' to limit early voting hours}},
url = {http://www.newsobserver.com/news/politics-government/election/article96179857.html},
urldate = {2018-03-27},
year = {2016}
}


@article{dropp2018,
  title={Polling Place Hours and Voter Turnout},
  author={Dropp, Kyle A.},
  url = {http://kyledropp.weebly.com/uploads/1/2/0/9/12094568/dropp\_polling\_hours.pdf},
urldate = {2018-05-15},
  year={2018}
}


@article{dropp2013,
  title={Voter Identification Laws and Voter Turnout},
  author={Dropp, Kyle A.},
    url = {http://kyledropp.weebly.com/uploads/1/2/0/9/12094568/dropp\_voter\_id.pdf},
urldate = {2018-05-15},
  year={2013}
}



@article{bergman2011changing,
  title={Changing Election Methods: How Does Mandated Vote-by-Mail Affect Individual Registrants?},
  author={Bergman, Elizabeth and Yates, Philip A},
  journal={Election Law Journal},
  volume={10},
  number={2},
  pages={115--127},
  year={2011},
  publisher={Mary Ann Liebert, Inc. 140 Huguenot Street, 3rd Floor New Rochelle, NY 10801 USA}
}


@article{amos2017reprecincting,
  title={Reprecincting and Voting Behavior},
  author={Amos, Brian and Smith, Daniel A and Claire, Casey Ste},
  journal={Political Behavior},
  volume={39},
  number={1},
  pages={133--156},
  year={2017},
  publisher={Springer}
}

@article{michelson2012effect,
  title={The Effect of Prepaid Postage on Turnout: A Cautionary Tale for Election Administrators},
  author={Michelson, Melissa R and Malhotra, Neil and Healy, Andrew and Green, Donald P and Carnegie, Allison and Valenzuela, Ali Adam},
  journal={Election Law Journal},
  volume={11},
  number={3},
  pages={279--290},
  year={2012},
  publisher={Mary Ann Liebert, Inc. 140 Huguenot Street, 3rd Floor New Rochelle, NY 10801 USA}
}



@article{gerber2013identifying,
  title={Identifying the Effect of All-Mail Elections on Turnout: Staggered Reform in the Evergreen State},
  author={Gerber, Alan S and Huber, Gregory A and Hill, Seth J},
  journal={Political Science Research and Methods},
  volume={1},
  number={1},
  pages={91--116},
  year={2013},
  publisher={Cambridge University Press}
}

@article{arceneaux2012get,
  title={Get Out the Vote-by-Mail? A Randomized Field Experiment Testing the Effect of Mobilization in Traditional and Vote-by-Mail Precincts},
  author={Arceneaux, Kevin and Kousser, Thad and Mullin, Megan},
  journal={Political Research Quarterly},
  volume={65},
  number={4},
  pages={882--894},
  year={2012},
  publisher={Sage Publications Sage CA: Los Angeles, CA}
}



@article{kousser2007does,
  title={Does Voting by Mail Increase Participation? Using Matching to Analyze a Natural Experiment},
  author={Kousser, Thad and Mullin, Megan},
  journal={Political Analysis},
  volume={15},
  number={4},
  pages={428--445},
  year={2007},
  publisher={Oxford University Press}
}


@article{plutzer2002becoming,
  title={Becoming a Habitual Voter: Inertia, Resources, and Growth in Young Adulthood},
  author={Plutzer, Eric},
  journal={American Political Science Review},
  volume={96},
  number={1},
  pages={41--56},
  year={2002},
  publisher={Cambridge University Press}
}


@article{malhotra2011text,
  title={Text Messages as Mobilization Tools: The Conditional Effect of Habitual Voting and Election Salience},
  author={Malhotra, Neil and Michelson, Melissa R and Rogers, Todd and Valenzuela, Ali Adam},
  journal={American Politics Research},
  volume={39},
  number={4},
  pages={664--681},
  year={2011},
  publisher={SAGE Publications Sage CA: Los Angeles, CA}
}



@article{squire1987residential,
  title={Residential Mobility and Voter Turnout},
  author={Squire, Peverill and Wolfinger, Raymond E and Glass, David P},
  journal={American Political Science Review},
  volume={81},
  number={1},
  pages={45--65},
  year={1987},
  publisher={Cambridge University Press}
}

@article{cho2006residential,
  title={Residential Concentration, Political Socialization, and Voter Turnout},
  author={Cho, Wendy K Tam and Gimpel, James G and Dyck, Joshua J},
  journal={Journal of Politics},
  volume={68},
  number={1},
  pages={156--167},
  year={2006},
  publisher={Wiley Online Library}
}



@article{brody1977life,
  title={From Life Space to Polling Place: The Relevance of Personal Concerns for Voting Behavior},
  author={Brody, Richard A and Sniderman, Paul M},
  journal={British Journal of Political Science},
  volume={7},
  number={3},
  pages={337--360},
  year={1977},
  publisher={Cambridge University Press}
}


@article{gerber2003voting,
  title={Voting May be Habit-Forming: Evidence from a Randomized Field Experiment},
  author={Gerber, Alan S and Green, Donald P and Shachar, Ron},
  journal={American Journal of Political Science},
  volume={47},
  number={3},
  pages={540--550},
  year={2003},
  publisher={Wiley Online Library}
}

@misc{insightus2016,
author = {insightus},
booktitle = {Insight-US.org},
title = {{Voter Suppression's Last Stand: North Carolina's new Jim Crow counties}},
url = {http://insight-us.org/fair-places-2016-pt-1.html},
urldate = {2018-04-22},
year = {2016}
}


@misc{roth2016c,
author = {Roth, Zachary},
booktitle = {NBC News},
title = {{Analysis: North Carolina Counties That Cut Early Voting Sites See Lower Turnout }},
url = {https://www.nbcnews.com/politics/2016-election/analysis-north-carolina-counties-cut-early-voting-sites-see-lower-n671246},
urldate = {2018-04-22},
year = {2016}
}


@article{berinksy2005reform,
  title={The Perverse Consequences of Electoral Reform},
  author={Berinsky, Adam J.},
  journal={American Politics Research},
  volume={33},
  number={4},
  pages={471--491},
  year={2005},
  publisher={Wiley Online Library}
}

@article{pettigrew2017racial,
  title={The Racial Gap in Wait Times: Why Minority Precincts Are Underserved by Local Election Officials},
  author={Pettigrew, Stephen},
  journal={Political Science Quarterly},
  volume={132},
  number={3},
  pages={527--547},
  year={2017}
}


@article{karp2000going,
  title={Going postal: How All-Mail Elections Influence Turnout},
  author={Karp, Jeffrey A and Banducci, Susan A},
  journal={Political Behavior},
  volume={22},
  number={3},
  pages={223--239},
  year={2000},
  publisher={Springer}
}


@article{stewart2011adding,
  title={Adding up the costs and benefits of voting by mail},
  author={Stewart, Charles},
  journal={Election Law Journal},
  volume={10},
  number={3},
  pages={297--301},
  year={2011},
  publisher={Mary Ann Liebert, Inc. 140 Huguenot Street, 3rd Floor New Rochelle, NY 10801 USA}
}


@article{gronke2008early,
  title={Early Voting Reforms and American Elections},
  author={Gronke, Paul},
  journal={Wm. \& Mary Bill Rts. J.},
  volume={17},
  pages={423},
  year={2008},
  publisher={HeinOnline}
}



@article{gronke2008convenience,
  title={Convenience Voting},
  author={Gronke, Paul and Galanes-Rosenbaum, Eva and Miller, Peter A and Toffey, Daniel},
  journal={Annu. Rev. Polit. Sci.},
  volume={11},
  pages={437--455},
  year={2008},
  publisher={Annual Reviews}
}


@article{gronke2008psychological,
  title={The Psychological and Institutional Determinants of Early Voting},
  author={Gronke, Paul and Toffey, Daniel Krantz},
  journal={Journal of Social Issues},
  volume={64},
  number={3},
  pages={503--524},
  year={2008},
  publisher={Wiley Online Library}
}


@article{gronke2007early,
  title={Early Voting and Turnout},
  author={Gronke, Paul and Galanes-Rosenbaum, Eva and Miller, Peter A},
  journal={PS: Political Science \& Politics},
  volume={40},
  number={4},
  pages={639--645},
  year={2007},
  publisher={Cambridge University Press}
}


@article{arceneaux2009mobilized,
  title={Who is Mobilized to Vote? A Re-analysis of 11 Field Experiments},
  author={Arceneaux, Kevin and Nickerson, David W},
  journal={American Journal of Political Science},
  volume={53},
  number={1},
  pages={1--16},
  year={2009},
  publisher={Wiley Online Library}
}


@article{doherty2017voting,
  title={Are Voting Norms Conditional? How Electoral Context and Peer Behavior Shape the Social Returns to Voting},
  author={Doherty, David and Dowling, Conor M and Gerber, Alan S and Huber, Gregory A},
  journal={The Journal of Politics},
  volume={79},
  number={3},
  pages={1095--1100},
  year={2017},
  publisher={University of Chicago Press Chicago, IL}
}

@article{gerber2017generalizability,
  title={The Generalizability of Social Pressure Effects on Turnout Across High-Salience Electoral Contexts: Field Experimental Evidence From 1.96 Million Citizens in 17 States},
  author={Gerber, Alan S and Huber, Gregory A and Fang, Albert H and Gooch, Andrew},
  journal={American Politics Research},
  volume={45},
  number={4},
  pages={533--559},
  year={2017},
  publisher={SAGE Publications Sage CA: Los Angeles, CA}
}

@article{gerber2000effects,
  title={The Effects of Canvassing, Telephone Calls, and Direct Mail on Voter Turnout: A Field Experiment},
  author={Gerber, Alan S and Green, Donald P},
  journal={American Political Science Review},
  volume={94},
  number={3},
  pages={653--663},
  year={2000},
  publisher={Cambridge University Press}
}


@article{clintontargering2018,
  title={The Politics of Precincts and Polling Places: Race and Partisanship in U.S. Election Administration, 2008-2016},
  author={Clinton, Joshua D and Eubank, Nick and Fresh, Adriane and Shepherd, Michael E.},
  year={2018},
}

@article{Nickell:1981eo,
  author = {Nickell, Stephen},
  title = {{Biases in Dynamic Models with Fixed Effects}},
  journal = {Econometrica},
  year = {1981},
  volume = {49},
  number = {6},
  pages = {1417},
  month = nov
}



@misc{leadershipcoun2016,
author = {The Leadership Council Education Fund},
booktitle = {The Great Poll Closure},
title = {{The Great Poll Closure}},
url = {http://civilrightsdocs.info/pdf/reports/2016/poll-closure-report-web.pdf},
urldate = {2018-05-13},
year = {2016}
}

@article{Benjamini:2006gd,
author = {Benjamini, Yoav and Krieger, Abba M and Yekutieli, Daniel},
title = {{Adaptive linear step-up procedures that control the false discovery rate}},
journal = {Biometrika},
year = {2006},
volume = {93},
number = {3},
pages = {491--507},
month = sep
}

@article{Shepard:2018gs,
author = {Shepard, Michael E and Fresh, Adriane and Eubank, Nicholas and Clinton, Joshua D},
title = {{\textbf{The Politics of Locating Polling Places: Race and Party in North Carolina Election Administration, 2008-2016}}},
journal = {Working Paper},
year = {2018}
}

@article{Camerer:2018de,
author = {Camerer, Colin F and Dreber, Anna and Holzmeister, Felix and Ho, Teck-Hua and Huber, J{\"u}rgen and Johannesso, Magnus and Kirchler, Michael and Nave, Gideon and Nosek, Brian A and Pfeiffer, Thomas and Altmejd, Adam and Buttrick, Nick and Chan, Taizan and Chen, Yiling and Forsell, Eskil and Gampa, Anup and Heikensten, Emma and Hummer, Lily and Imai, Taisuke and Isaksson, Siri and Manfredi, Dylan and Rose, Julia and Wagenmakers, Eric-Jan and Wu, Hang},
title = {{Evaluating the replicability of social science experiments in Nature and Science between 2010 and 2015}},
journal = {Nature Human Behaviour},
year = {2018},
volume = {2},
number = {9},
pages = {637--644},
month = sep
}
